@article{agarwal2002exact,
  title   = {Exact and approximation algorithms for clustering},
  author  = {Agarwal, Pankaj K and Procopiuc, Cecilia Magdalena},
  journal = Algorithmica,
  volume  = {33},
  number  = {2},
  pages   = {201--226},
  year    = {2002},
}

@article{agarwal2004approximating,
  title     = {Approximating extent measures of points},
  author    = {Agarwal, Pankaj K and Har-Peled, Sariel and Varadarajan, Kasturi R},
  journal   = JACM,
  volume    = {51},
  number    = {4},
  pages     = {606--635},
  year      = {2004},
  publisher = {ACM},
}

@inproceedings{agarwal2007space,
  title     = {A space-optimal data-stream algorithm for coresets in the plane},
  author    = {Agarwal, Pankaj K and Yu, Hai},
  booktitle = P23 # SoCG,
  pages     = {1--10},
  year      = {2007},
}

@incollection{agarwal2008efficient,
  title     = {An efficient algorithm for 2D {Euclidean} 2-center with outliers},
  author    = {Agarwal, Pankaj K and Phillips, Jeff M},
  booktitle = P16 # ESA,
  pages     = {64--75},
  year      = {2008},
}

@inproceedings{agarwal2010streaming,
  title     = {Streaming algorithms for extent problems in high dimensions},
  author    = {Agarwal, Pankaj K and Sharathkumar, R},
  booktitle = P21 # SODA,
  pages     = {1481--1489},
  year      = {2010},
}

@article{agarwal20132,
  title     = {The 2-center problem in three dimensions},
  author    = {Agarwal, Pankaj K and Avraham, Rinat Ben and Sharir, Micha},
  journal   = CompGeo,
  volume    = {46},
  number    = {6},
  pages     = {734--746},
  year      = {2013},
  publisher = {Elsevier},
}

@book{aggarwal2007data,
  title     = {Data streams: models and algorithms},
  author    = {Aggarwal, Charu C},
  year      = {2007},
  publisher = {Springer Science \& Business Media},
}

@article{ahn2014computing,
  title   = {COMPUTING k CENTERS OVER STREAMING DATA FOR SMALL k},
  author  = {Ahn, Hee-Kap and Kim, Hyo-Sil and Kim, Sang-Sub and Son, Wanbin},
  journal = IntComGeo,
  volume  = {24},
  number  = {02},
  pages   = {107--123},
  year    = {2014},
} 

@inproceedings{badoiu2003smaller,
  title     = {Smaller core-sets for balls},
  author    = {B{\^a}doiu, Mihai and Clarkson, Kenneth L},
  booktitle = P14 # SODA,
  pages     = {801--802},
  year      = {2003},
}

@incollection{bern1996approximation,
  author    = {Bern, Marshall and Eppstein, David},
  title     = {Approximation Algorithms for Geometric Problems},
  booktitle = {Approximation Algorithms for {NP}-hard Problems},
  editor    = {Hochbaum, Dorit S.},
  year      = {1997},
  isbn      = {0-534-94968-1},
  pages     = {296--345},
  numpages  = {50},
  publisher = {PWS Publishing Co.},
}

@article{chan1999more,
  title   = {More planar two-center algorithms},
  author  = {Chan, Timothy M},
  journal = cgta,
  volume  = {13},
  number  = {3},
  pages   = {189--198},
  year    = {1999},
}

@article{chan2014streaming,
  title   = {Streaming and dynamic algorithms for minimum enclosing balls in high dimensions},
  author  = {Chan, Timothy M and Pathak, Vinayak},
  journal = cgta,
  volume  = {47},
  number  = {2},
  pages   = {240--247},
  year    = {2014},
}

@inproceedings{charikar1997incremental,
  title     = {Incremental clustering and dynamic information retrieval},
  author    = {Charikar, Moses and Chekuri, Chandra and Feder, Tom{\'a}s and Motwani, Rajeev},
  booktitle = P29 # STOC,
  pages     = {626--635},
  year      = {1997},
} 

@inproceedings{charikar2001algorithms,
  title     = {Algorithms for facility location problems with outliers},
  author    = {Charikar, Moses and Khuller, Samir and Mount, David M and Narasimhan, Giri},
  booktitle = P12 # SODA,
  pages     = {642--651},
  year      = {2001},
}

@article{chazelle1996linear,
  title   = {On linear-time deterministic algorithms for optimization problems in fixed dimension},
  author  = {Chazelle, Bernard and Matou{\v{s}}ek, Ji{\v{r}}{\i}ÃÅ},
  journal = jalg,
  volume  = {21},
  number  = {3},
  pages   = {579--597},
  year    = {1996},
}

@inproceedings{danzer1963helly,
  title      = {Helly's theorem and its relatives},
  author     = {Danzer, Ludwig and Gruenbaum, B and Klee, Victor},
  booktitle  = Proc # { Symposia in Pure Mathematics},
  pages      = {101--180},
  year       = {1963},
  publishers = {American Mathematical Society Providence, RI},
}

@article{dinur2005hardness,
  title     = {On the hardness of approximating minimum vertex cover},
  author    = {Dinur, Irit and Safra, Samuel},
  journal   = {Annals of mathematics},
  pages     = {439--485},
  year      = {2005},
  publisher = {JSTOR},
}

@book{edelsbrunner1987algorithms,
  title     = {Algorithms in combinatorial geometry},
  author    = {Edelsbrunner, Herbert},
  volume    = {10},
  year      = {1987},
  publisher = {Springer Science \& Business Media},
}

@article{estivill2002so,
  title     = {Why so many clustering algorithms: a position paper},
  author    = {Estivill-Castro, Vladimir},
  journal   = {ACM SIGKDD explorations newsletter},
  volume    = {4},
  number    = {1},
  pages     = {65--75},
  year      = {2002},
  publisher = {ACM},
}

@inproceedings{feder1988optimal,
  title     = {Optimal algorithms for approximate clustering},
  author    = {Feder, Tom{\'a}s and Greene, Daniel},
  booktitle = P20 # STOC,
  pages     = {434--444},
  year      = {1988},
}

@inproceedings{federGonzalez1988,
  author    = {Feder, Tom\'{a}s and Greene, Daniel},
  title     = {Optimal Algorithms for Approximate Clustering},
  booktitle = P20 # STOC,
  series    = {STOC '88},
  year      = {1988},
  pages     = {434--444},
}

@article{fowler1981optimal,
  title      = {Optimal packing and covering in the plane are NP-complete},
  author     = {Fowler, Robert J and Paterson, Michael S and Tanimoto, Steven L},
  journal    = ipl,
  volume     = {12},
  number     = {3},
  pages      = {133--137},
  year       = {1981},
  publishers = {Elsevier},
} 

@article{gonzalez1985clustering,
  title   = {Clustering to minimize the maximum intercluster distance},
  author  = {Gonzalez, Teofilo F},
  journal = TCS,
  volume  = {38},
  pages   = {293--306},
  year    = {1985},
}

@inproceedings{guha2009tight,
  title     = {Tight results for clustering and summarizing data streams},
  author    = {Guha, Sudipto},
  booktitle = P12 # ICDT,
  pages     = {268--275},
  year      = {2009},
}

@book{han2006,
  title     = {Data Mining, Southeast Asia Edition: Concepts and Techniques},
  author    = {Han, Jiawei and Kamber, Micheline},
  year      = {2006},
  publisher = {Morgan kaufmann},
}

@inproceedings{kim2014improved,
  title     = {An Improved Data Stream Algorithm for Clustering},
  author    = {Kim, Sang-Sub and Ahn, Hee-Kap},
  booktitle = P11 # LATIN,
  pages     = {273--284},
  year      = {2014},
}

@book{knuth1984texbook,
  title     = {The \TeX{}book},
  author    = {Knuth, Donald Ervin},
  year      = {1984},
  publisher = {Addison-Wesley},
}

@book{lamport1985LaTeX,
  title     = {\LaTeX---A Document Preparation System},
  author    = {Lamport, Leslie},
  year      = {1985},
  publisher = {Addison-Wesley},
}

@article{matouvsek1995geometric,
  title   = {On geometric optimization with few violated constraints},
  author  = {Matou{\v{s}}ek, Ji{\v{r}}{\'\i}},
  journal = dcg,
  volume  = {14},
  number  = {1},
  pages   = {365--384},
  year    = {1995},
}

@inproceedings{mccutchen2008streaming,
  title     = {Streaming algorithms for k-center clustering with outliers and with anonymity},
  author    = {McCutchen, Richard Matthew and Khuller, Samir},
  booktitle = P11 # APPROX,
  pages     = {165--178},
  year      = {2008},
}

@article{megiddo1984complexity,
  title   = {On the complexity of some common geometric location problems},
  author  = {Megiddo, Nimrod and Supowit, Kenneth J},
  journal = Sicomp,
  volume  = {13},
  number  = {1},
  pages   = {182--196},
  year    = {1984},
}

@article{megiddo1990complexity,
  title     = {On the complexity of some geometric problems in unbounded dimension},
  author    = {Megiddo, Nimrod},
  journal   = {Journal of Symbolic Computation},
  volume    = {10},
  number    = {3},
  pages     = {327--334},
  year      = {1990},
  publisher = {Elsevier},
}

@article{michael1979computers,
  title   = {Computers and intractability: a guide to the theory of {NP}-completeness},
  author  = {Garey, Michael R. and Johnson, David S.},
  journal = {Freeman \& Co.},
  year    = {1979},
}

@book{sipser2012introduction,
  title     = {Introduction to the Theory of Computation},
  author    = {Sipser, Michael},
  year      = {2012},
  publisher = {Cengage Learning},
}

@book{vazirani2013approximation,
  author    = {Vazirani, Vijay V.},
  title     = {Approximation Algorithms},
  year      = {2001},
  isbn      = {3-540-65367-8},
  publisher = {Springer-Verlag New York, Inc.},
}

@inproceedings{zarrabi2006simple,
  title     = {A Simple Streaming Algorithm for Minimum Enclosing Balls.},
  author    = {Zarrabi-Zadeh, Hamid and Chan, Timothy M},
  booktitle = P18 # CCCG,
  pages     = {139--142},
  year      = {2006},
}

@inproceedings{zarrabi2008core,
  title     = {Core-Preserving Algorithms.},
  author    = {Zarrabi-Zadeh, Hamid},
  booktitle = P20 # CCCG,
  pages     = {159--162},
  year      = {2008},
}

@inproceedings{zarrabi2009streaming,
  title     = {Streaming 1-Center with Outliers in High Dimensions.},
  author    = {Zarrabi-Zadeh, Hamid and Mukhopadhyay, Asish},
  booktitle = P21 # CCCG,
  pages     = {83--86},
  year      = {2009},
}

@article{zarrabi2011almost,
  title   = {An almost space-optimal streaming algorithm for coresets in fixed dimensions},
  author  = {Zarrabi-Zadeh, Hamid},
  journal = Algorithmica,
  volume  = {60},
  number  = {1},
  pages   = {46--59},
  year    = {2011},
}

@article{zhao2023survey,
  title={A survey of large language models},
  author={Zhao, Wayne Xin and Zhou, Kun and Li, Junyi and Tang, Tianyi and Wang, Xiaolei and Hou, Yupeng and Min, Yingqian and Zhang, Beichen and Zhang, Junjie and Dong, Zican and others},
  journal={arXiv preprint arXiv:2303.18223},
  year={2023}
}

@article{chang2023survey,
  title={A survey on evaluation of large language models},
  author={Chang, Yupeng and Wang, Xu and Wang, Jindong and Wu, Yuan and Zhu, Linyi and Chen, Hao and Xie, Xing},
  journal={arXiv preprint arXiv:2307.03109},
  year={2023}
}

@article{ferrara2014web,
  title={Web data extraction, applications and techniques: A survey},
  author={Ferrara, Emilio and De Meo, Pasquale and Fiumara, Giacomo and Baumgartner, Robert},
  journal={Knowledge-Based Systems},
  volume={70},
  pages={301--323},
  year={2014},
  publisher={Elsevier}
}

@misc{open2023function,
    author = {OpenAI},
    title = {Function calling and other API updates},
    howpublished = {\url{https://openai.com/blog/function-calling-and-other-api-updates}},
    year = {2023},
    month = {June}
}

@inproceedings{vaswani2017attention,
  title={Attention is all you need},
  author={Vaswani, Ashish and Shazeer, Noam and Parmar, Niki and Uszkoreit, Jakob and Jones, Llion and Gomez, Aidan N and Kaiser, {\L}ukasz and Polosukhin, Illia},
  booktitle={Advances in neural information processing systems},
  pages={5998--6008},
  year={2017}
}

@article{devlin2018bert,
  title={Bert: Pre-training of deep bidirectional transformers for language understanding},
  author={Devlin, Jacob and Chang, Ming-Wei and Lee, Kenton and Toutanova, Kristina},
  journal={arXiv preprint arXiv:1810.04805},
  year={2018}
}

@inproceedings{brown2020language,
  title={Language models are few-shot learners},
  author={Brown, Tom and Mann, Benjamin and Ryder, Nick and Subbiah, Melanie and Kaplan, Jared D and Dhariwal, Prafulla and Neelakantan, Arvind and Shyam, Pranav and Sastry, Girish and Askell, Amanda and others},
  booktitle={Advances in neural information processing systems},
  volume={33},
  pages={1877--1901},
  year={2020}
}

@article{mollick2014dynamics,
  title={The dynamics of crowdfunding: An exploratory study},
  author={Mollick, Ethan},
  journal={Journal of business venturing},
  volume={29},
  number={1},
  pages={1--16},
  year={2014},
  publisher={Elsevier}
}

@inproceedings{kushmerick1997wrapper,
  title={Wrapper induction for information extraction},
  author={Kushmerick, Nicholas},
  booktitle={Proceedings of the Seventeenth International Joint Conference on Artificial Intelligence},
  pages={729--744},
  year={1997},
  organization={Morgan Kaufmann Publishers Inc.}
}

@inproceedings{lafferty2001conditional,
  title={Conditional random fields: Probabilistic models for segmenting and labeling sequence data},
  author={Lafferty, John and McCallum, Andrew and Pereira, Fernando},
  booktitle={Proceedings of the eighteenth international conference on machine learning, ICML '01},
  pages={282--289},
  year={2001}
}

@inproceedings{mintz2009distant,
  title={Distant supervision for relation extraction without labeled data},
  author={Mintz, Mike and Bills, Steven and Snow, Rion and Jurafsky, Dan},
  booktitle={Proceedings of the joint conference of the 47th annual meeting of the ACL and the 4th international joint conference on natural language processing of the AFNLP},
  pages={1003--1011},
  year={2009}
}

@misc{google2023gemini,
  author = {{Google}},
  title = {Introducing Gemini: our largest and most capable AI model},
  howpublished = {\url{https://blog.google/technology/ai/google-gemini-ai/}},
  year = {2023},
  month = {December}
}

@misc{google2024gemma,
  author = {{Google}},
  title = {Gemma: Open Models Based on Gemini Research and Technology},
  howpublished = {\url{https://blog.google/technology/developers/gemma-open-models/}},
  year = {2024},
  month = {February}
}

@article{zheng2023judging,
  title={Judging llm-as-a-judge with mt-bench and chatbot arena},
  author={Zheng, Lianmin and Chiang, Wei-Lin and Sheng, Ying and Zhuang, Siyuan and Wu, Zhanghao and Zhuang, Yonghao and Lin, Zi and Li, Zhuohan and Brooks, Dacheng and Xing, Eric and others},
  journal={arXiv preprint arXiv:2306.05685},
  year={2023}
}

@article{powers2011evaluation,
  title={Evaluation: from precision, recall and F-measure to ROC, informedness, markedness and correlation},
  author={Powers, David Martin},
  journal={Journal of Machine Learning Technologies},
  volume={2},
  number={1},
  pages={37--63},
  year={2011}
}

@article{ji2023survey,
  title={Survey of hallucination in natural language generation},
  author={Ji, Ziwei and Lee, Nayeon and Frieske, Rita and Yu, Tiezheng and Su, Dan and Xu, Yan and Ishii, Etsuko and Bang, Yejin and Madotto, Andrea and Fung, Pascale},
  journal={ACM Computing Surveys},
  volume={55},
  number={12},
  pages={1--38},
  year={2023},
  publisher={ACM New York, NY, USA}
}

@article{wooldridge1995intelligent,
  title={Intelligent agents: Theory and practice},
  author={Wooldridge, Michael and Jennings, Nicholas R},
  journal={The knowledge engineering review},
  volume={10},
  number={2},
  pages={115--152},
  year={1995},
  publisher={Cambridge University Press}
}

@article{arora2023survey,
    title={A Survey on In-context Learning},
    author={Dong, Qingxiu and Li, Lei and Dai, Damai and Zheng, Ce and Wu, Zhiyong and Chang, Baobao and Sun, Xu and Li, Jing and Sui, Zhifang},
    journal={arXiv preprint arXiv:2301.00234},
    year={2023}
}

@techreport{gemini2023team,
  title={Gemini: A Family of Highly Capable Multimodal Models},
  author={Gemini Team and others},
  institution={Google},
  year={2023},
  url={https://arxiv.org/abs/2312.11805}
}

@book{russell2010artificial,
  title={Artificial intelligence: a modern approach},
  author={Russell, Stuart J and Norvig, Peter},
  year={2010},
  publisher={Prentice Hall}
}
